
@article{articleXia,
author = {Xia, Hao and Zuo, Jinbo and Liu, Shuo and Qiao, Yanyou},
year = {2018},
month = {08},
pages = {1-10},
title = {Indoor Localization on Smartphones Using Built-In Sensors and Map Constraints},
volume = {PP},
journal = {IEEE Transactions on Instrumentation and Measurement},
doi = {10.1109/TIM.2018.2863478}
}

@article{Parametric_positioning,
author = {Müller, Philipp and Raitoharju, Matti and Ali-Löytty, Simo and Wirola, Laura and Piché, Robert},
year = {2016},
month = {04},
pages = {107-127},
title = {A Survey of Parametric Fingerprint�� Positioning Methods},
volume = {7},
journal = {Gyroscopy and Navigation},
doi = {10.1134/S2075108716020061}
}

@article{maloc,
author = {Xie, Hongwei and Gu, Tao and Tao, Xianping and Ye, Haibo and Lu, Jian},
year = {2015},
month = {01},
pages = {1-1},
title = {A Reliability-Augmented Particle Filter for Magnetic Fingerprinting Based Indoor Localization on Smartphone},
volume = {15},
journal = {IEEE Transactions on Mobile Computing},
doi = {10.1109/TMC.2015.2480064}
}

@article{Li2015WiFiAidedMM,
  title={WiFi-Aided Magnetic Matching for Indoor Navigation with Consumer Portable Devices},
  author={Y. Li and Y. Zhuang and Haiyu Lan and P. Zhang and Xiaoji Niu and N. El-Sheimy},
  journal={Micromachines},
  year={2015},
  volume={6},
  pages={747-764}
}

@article{Grand20123AxisMF,
  title={3-Axis magnetic field mapping and fusion for indoor localization},
  author={E. Grand and S. Thrun},
  journal={2012 IEEE International Conference on Multisensor Fusion and Integration for Intelligent Systems (MFI)},
  year={2012},
  pages={358-364}
}


@INPROCEEDINGS{7809951,

  author={ {Min Zhang} and  {Ling Pei} and  {Xiaotie Deng}},

  booktitle={2016 Fourth International Conference on Ubiquitous Positioning, Indoor Navigation and Location Based Services (UPINLBS)}, 

  title={GraphSLAM-based Crowdsourcing framework for indoor Wi-Fi fingerprinting}, 

  year={2016},

  volume={},

  number={},

  pages={61-67},

  doi={10.1109/UPINLBS.2016.7809951}}

@inproceedings{SLAM_using_Gaussian_process_latent_variable_models,
author = {Ferris, Brian and Fox, Dieter and Lawrence, Neil},
year = {2007},
month = {01},
pages = {2480-2485},
title = {WiFi-SLAM using Gaussian process latent variable models},
volume = {7},
journal = {Proceedings of IJCAI 2007},
url = {https://www.researchgate.net/publication/220814713_WiFi-SLAM_using_Gaussian_process_latent_variable_models}
}

@INPROCEEDINGS{6827640,  author={X. {Zhang} and Y. {Jin} and H. {Tan} and W. {Soh}},  booktitle={2014 IEEE Ninth International Conference on Intelligent Sensors, Sensor Networks and Information Processing (ISSNIP)},   title={CIMLoc: A crowdsourcing indoor digital map construction system for localization},   year={2014},  volume={},  number={},  pages={1-6},  doi={10.1109/ISSNIP.2014.6827640}, 
url = {https://ieeexplore.ieee.org.proxylib.skoltech.ru:2050/document/6827640}
}


Rasmussen C E. Gaussian processes in machine learning[C]//Summer School on Machine Learning. Springer, Berlin, Heidelberg, 2003: 63-71.

Burt D R, Rasmussen C E, Van Der Wilk M. Rates of Convergence for Sparse Variational Gaussian Process Regression[J]. arXiv preprint arXiv:1903.03571, 2019.

Titsias M. Variational learning of inducing variables in sparse Gaussian processes[C]//Artificial Intelligence and Statistics. 2009: 567-574.

@online{Surface_approximation_GP,
	ALTauthor = {Eisweinjlee},
	title = {Surface approximation GP},
	date = {Dec 12th, 2019},
	url = {https://github.com/Eisweinjlee/Surface_approximation_GP},
}

