
@article{LocateMe,
	author = {pathapati subbu, Kalyan and Gozick, Brandon and Dantu, Ram},
	year = {2013},
	month = {09},
	pages = {},
	title = {LocateMe: Magnetic-fields-based Indoor localization using smartphones},
	volume = {4},
	journal = {ACM Transactions on Intelligent Systems and Technology (TIST)},
	doi = {10.1145/2508037.2508054}
}

@article{articleXia,
	author = {Xia, Hao and Zuo, Jinbo and Liu, Shuo and Qiao, Yanyou},
	year = {2018},
	month = {08},
	pages = {1-10},
	title = {Indoor Localization on Smartphones Using Built-In Sensors and Map Constraints},
	volume = {PP},
	journal = {IEEE Transactions on Instrumentation and Measurement},
	doi = {10.1109/TIM.2018.2863478}
}

survey, Parametric_positioning
@article{Parametric_positioning,
	author = {Müller, Philipp and Raitoharju, Matti and Ali-Löytty, Simo and Wirola, Laura and Piché, Robert},
	year = {2016},
	month = {04},
	pages = {107-127},
	title = {A Survey of Parametric Fingerprint�� Positioning Methods},
	volume = {7},
	journal = {Gyroscopy and Navigation},
	doi = {10.1134/S2075108716020061}
}

@article{maloc,
	author = {Xie, Hongwei and Gu, Tao and Tao, Xianping and Ye, Haibo and Lu, Jian},
	year = {2015},
	month = {01},
	pages = {1-1},
	title = {A Reliability-Augmented Particle Filter for Magnetic Fingerprinting Based Indoor Localization on Smartphone},
	volume = {15},
	journal = {IEEE Transactions on Mobile Computing},
	doi = {10.1109/TMC.2015.2480064}
}

@article{Li2015WiFiAidedMM,
	title={WiFi-Aided Magnetic Matching for Indoor Navigation with Consumer Portable Devices},
	author={Y. Li and Y. Zhuang and Haiyu Lan and P. Zhang and Xiaoji Niu and N. El-Sheimy},
	journal={Micromachines},
	year={2015},
	volume={6},
	pages={747-764}
}

Grand20123AxisMF, thrun
@article{Grand20123AxisMF,
	title={3-Axis magnetic field mapping and fusion for indoor localization},
	author={E. Grand and S. Thrun},
	journal={2012 IEEE International Conference on Multisensor Fusion and Integration for Intelligent Systems (MFI)},
	year={2012},
	pages={358-364}
}


@INPROCEEDINGS{CrowdsourcingWiFI,
	
	author={ {Min Zhang} and  {Ling Pei} and  {Xiaotie Deng}},
	
	booktitle={2016 Fourth International Conference on Ubiquitous Positioning, Indoor Navigation and Location Based Services (UPINLBS)}, 
	
	title={GraphSLAM-based Crowdsourcing framework for indoor Wi-Fi fingerprinting}, 
	
	year={2016},
	
	volume={},
	
	number={},
	
	pages={61-67},
	
	doi={10.1109/UPINLBS.2016.7809951}}

gplvm, SLAM_using_Gaussian_process_latent_variable_models
@inproceedings{gplvm,
	author = {Ferris, Brian and Fox, Dieter and Lawrence, Neil},
	year = {2007},
	month = {01},
	pages = {2480-2485},
	title = {WiFi-SLAM using Gaussian process latent variable models},
	volume = {7},
	journal = {Proceedings of IJCAI 2007},
	url = {https://www.researchgate.net/publication/220814713_WiFi-SLAM_using_Gaussian_process_latent_variable_models}
}

Cimloc, 6827640
@INPROCEEDINGS{Cimloc,  author={X. {Zhang} and Y. {Jin} and H. {Tan} and W. {Soh}},  booktitle={2014 IEEE Ninth International Conference on Intelligent Sensors, Sensor Networks and Information Processing (ISSNIP)},   title={CIMLoc: A crowdsourcing indoor digital map construction system for localization},   year={2014},  volume={},  number={},  pages={1-6},  doi={10.1109/ISSNIP.2014.6827640}, 
	url = {https://ieeexplore.ieee.org.proxylib.skoltech.ru:2050/document/6827640}
}


Rasmussen C E. Gaussian processes in machine learning[C]//Summer School on Machine Learning. Springer, Berlin, Heidelberg, 2003: 63-71.

Burt D R, Rasmussen C E, Van Der Wilk M. Rates of Convergence for Sparse Variational Gaussian Process Regression[J]. arXiv preprint arXiv:1903.03571, 2019.

Titsias M. Variational learning of inducing variables in sparse Gaussian processes[C]//Artificial Intelligence and Statistics. 2009: 567-574.

@online{Surface_approximation_GP,
	ALTauthor = {Eisweinjlee},
	title = {Surface approximation GP},
	date = {Dec 12th, 2019},
	url = {https://github.com/Eisweinjlee/Surface_approximation_GP},
}

@INPROCEEDINGS{6343024,  author={Le Grand, Etienne and Thrun, Sebastian},  booktitle={2012 IEEE International Conference on Multisensor Fusion and Integration for Intelligent Systems (MFI)},   title={3-Axis magnetic field mapping and fusion for indoor localization},   year={2012},  volume={},  number={},  pages={358-364},  doi={10.1109/MFI.2012.6343024}}

@inproceedings{inproceedings,
	author = {Bao, Qi-wei and Papachristou, Ch and Wolff, Frank},
	year = {2019},
	month = {07},
	pages = {533-540},
	title = {An Indoor Navigation and Localization System},
	doi = {10.1109/NAECON46414.2019.9058080}
}

@article{article,
	author = {Mautz, Rainer},
	year = {2012},
	month = {01},
	pages = {},
	title = {Indoor Positioning Technologies},
	doi = {10.3929/ethz-a-007313554}
}

@article{article,
	author = {Sakpere, Wilson and Adeyeye Oshin, Michael and Mlitwa, Nhlanhla},
	year = {2017},
	month = {12},
	pages = {145},
	title = {A state-of-the-art survey of indoor positioning and navigation systems and technologies},
	volume = {29},
	journal = {South African Computer Journal}
}

@article{book_Indoor_positioning,
	author = {Kjærgaard, Mikkel},
	year = {2010},
	month = {04},
	pages = {},
	title = {Indoor Positioning with Radio Location Fingerprinting}
}

@online{Bernard,
	ALTauthor = {Ray Bernard, PSP, CHS-II},
	title = {Indoor Positioning Systems},
	date = {2017/11/21},
	url = {https://www.securityindustry.org/2017/11/21/indoor-positioning-systems/},
	OPTorganization = {Security Industry Association},
	OPTyear = {2017},
}

@online{IndoorAtlas,
	ALTauthor = {Vanson Bourne},
	title = {A 2016 global research report on the indoor positioning market},
	url = {https://www.indooratlas.com/2016/09/21/2016-global-survey-shows-indoor-positioning-explosive-growth-and-demand-for-geomagnetic-as-deployments-scale/},
	OPTorganization = {IndoorAtlas},
	year = {2017},
	month = {06},
}

@online{Surface_approximation_GP,
	ALTauthor = {infsoft GmbH},
	title = {Indoor positioning and services white paper},
	date = {2019},
	url = {https://www.infsoft.com/solutions/basics/white-paper},
}

9. B. Li, T. Gallagher, C. Rizos, and A. Dempster, “Using geomagnetic field for indoor
positioning,”Journal of Applied Geodesy, vol. 7, 11 2013.
@article{Gallagher,
	author = {Li, Binghao and Gallagher, Thomas and Rizos, Chris and Dempster, Andrew},
	year = {2013},
	month = {11},
	pages = {},
	title = {Using Geomagnetic Field for Indoor Positioning},
	volume = {7},
	journal = {Journal of Applied Geodesy},
	doi = {10.1515/jag-2013-0016}
}
10. L. Hou, Y. Li, Y. Zhuang, B. Zhou, G. Tsai, Y. Luo, and N. El-Sheimy, “Orientation-aided stochastic
magnetic matching for indoor localization,”IEEE Sensors Journal,vol. 20, no. 2, pp. 1003–1010,
2020.
@article{Orientation-aided,
	author = {Hou, Lanbao and Li, You and Zhuang, Yuan and Zhou, Baoding and Tsai, Guang-Je and Luo, Yiran and El-Sheimy, Naser},
	year = {2019},
	month = {10},
	pages = {1-1},
	title = {Orientation-Aided Stochastic Magnetic Matching for Indoor Localization},
	volume = {PP},
	journal = {IEEE Sensors Journal},
	doi = {10.1109/JSEN.2019.2945681}
}

@online{Alliance,
	author = {Open Mobile Alliance},
	title = {ILA system architecture release 1.0},
	date = {2021},
	url = {http://www.openmobilealliance.org/tech/affiliates/ila/ILA_System_Architecture_Release%201.0.pdf},
}


@online{,
ALTauthor = {Apoorva Hegde},
title = {Geofencing Marketing: A Comprehensive Guide for 2021},
date = {March 25, 2021},
url = {https://blog.beaconstac.com/2020/01/geofencing-marketing-guide/},
}


11. I. Alliance, “ILA system architecture release 1.0,”openmobilealliance.

12. Indoor navigation market review by iBecom, June 4 2015
13. Geofencing market guide, Justin Croxton, Sept 26 2019
14. Thaljaoui, A., Val, T., Nasri, N., & Brulin, D. (2015). BLE localization using RSSI measurements
@inproceedings{BLE_loc,
	author = {Thaljaoui, Adel and Val, Thierry and Nejah, Nasri and Brulin, Damien},
	year = {2015},
	month = {06},
	pages = {(electronic medium)},
	title = {BLE Localization using RSSI Measurements and iRingLA (regular paper)},
	volume = {2015},
	doi = {10.1109/ICIT.2015.7125418}
}

and
iRingLA.
2015
IEEE
International
Conference
on
Industrial
Technology
(ICIT).
doi:10.1109/icit.2015.7125418

@inproceedings{inproceedings,
	author = {Thaljaoui, Adel and Val, Thierry and Nejah, Nasri and Brulin, Damien},
	year = {2015},
	month = {06},
	pages = {(electronic medium)},
	title = {BLE Localization using RSSI Measurements and iRingLA (regular paper)},
	volume = {2015},
	doi = {10.1109/ICIT.2015.7125418}
}

@inproceedings{Lymberopoulos,
	author = {Lymberopoulos, Dimitrios and Liu, Jie and Yang, Xue and Choudhury, Romit and Handziski, Vlado and Sen, Souvik and Lemic, Filip and Buesch, Jasper and Jiang, Zhiping and Zou, Han and Jiang, Hao and Zhang, Chi and Ashok, Ashwin and Xu, Chenren and Lazik, Patrick and Rajagopal, Niranjini and Rowe, Anthony and Ghose, Avik and Ahmed, Nasim and Hevesi, Peter},
	year = {2015},
	month = {04},
	pages = {},
	title = {A Realistic Evaluation and Comparison of Indoor Location Technologies: Experiences and Lessons Learned},
	doi = {10.1145/2737095.2737726}
}

Wi-Fi is a trademark of the Wi-Fi Alliance www.wi-fi.org.


@online{,
ALTauthor = {Andrew Gazdecki},
title = {The top 8 mobile technology trends for 2017},
date = {2017},
url = {https://www.smartinsights.com/mobile-marketing/app-marketing/top-8-mobile-technology-trends-2017/},
}

2. "Gartner Identifies the Top 10 Strategic Technology Trends for 2017", "Gartner Identifies Top 10 Mobile Technologies and Capabilities."
@online{,
	ALTauthor = {Amy Ann Forni},
	title = {Gartner Identifies the Top 10 Strategic Technology Trends for 2017 },
	date = {October 18, 2016},
	url = {https://www.gartner.com/en/newsroom/press-releases/2016-10-18-gartner-identifies-the-top-10-strategic-technology-trends-for-2017},
}

4. "The Rise of Indoor Positioning", IndoorAtlas/VansonBourne, 21 Sep. 2016, p. 6.
@online{,
	ALTauthor = {VansonBourne},
	title = {The Rise of Indoor Positioning. A 2016 Global Research Report
	On The Indoor Positioning Market},
	date = {2016},
	url = {http://www.yandex.ru/clck/jsredir?from=www.yandex.ru%3Bsearch%2F%3Bweb%3B%3B&text=&etext=2202.8izzsh4KgoQMdA6lGXKIvc-aLVmSc3kqeQx6dDbP8WoPRFxCr6Mlbo84TjDjEO1x7qar5f_UQZ9HH4iKc0FPwYJS-iYraBm2C042mbtu-Sj_v4-SNgSTm_gQP8hhoe--am1ldmJqdnpoc2lpaWV3bQ.07b6a1013c7c209b033cc6d84e9c140088836325&uuid=&state=jLT9ScZ_wbo,&&cst=AiuY0DBWFJ5fN_r-AEszk-lNPVIIDruxNscyD2G2-QkhFBrruYFid4q1yBQaSAlRnJRb8cE799QemTCNPnYh4is_tcNs-3ap6qWj0Vlp3mUWuER704evFM7O1nDZtRfHswU7wyngNeTApR9t86I6QswybXt0qNqZX3szRl2K6UMtM_7_zRH1XonlCaY-muqDmcmi0szzX5MyXt0vxzWKhGqOjP3zm0XcVctuU_tgJRDUZAlx1Q3Q-Y08dxiSzyL3IIT_et2YQMixp-p8YImHCUnjOcWLr1_U0vNqwNRTz1-VIczK7K76_VrgZdvWwAQZtULCnS3AREutvisZhR0rj0_emG2RLfG58jEjTkWDh4A9K27G_S96bg,,&data=UlNrNmk5WktYejY4cHFySjRXSWhXTWJrSXc3LXVWWVZOSUw1LTRxOExBLWQyTmZkaWtDNFlYSnhENm9ndHZYdDhQMkJCNlotdEF4eXB6ZFE1bVdKbHB6YW81TEtFWC1wRUNVb1ZHR0ZfNGZGemZfYjlkY3UtU3cwMGZkMm84U016ZzJEaGNMYjNQdDh5dDZRREpTNmU0OFJLcUl4S0ZWTHBta1BfWDdINnNfdldpdjV2RmltRkp0ZzRJR0UzSm8td0ZncWJ2NFZIdzRmSkNnMm1YcVN2bWw4YmZPWHR5anhKUmFnaWNfREMxV3k5QnlUY0hOZUpRLCw,&sign=a564388fdfebee57e8d7533b1f8e6bc5&keyno=0&b64e=2&ref=orjY4mGPRjlSKyJlbRuxUg7kv3-HD3rXGumT6obkg8n3LWhU2649RFjWhKhaqrsgGE2EwQm4ukCGBIVuq2htrBI9doPn98urSksnT_PV3pLmIDXB4FezcvIE03cQL-mMdmKIFkhlFm_zAKzxXjjHmTIvCwoTGaZkjuNjANF9MYmrvCpubmgChtiIz4oAqEyD&l10n=ru&cts=1622174738461%40%40events%3D%5B%7B%22event%22%3A%22click%22%2C%22id%22%3A%22gxb5w00-00%22%2C%22cts%22%3A1622174738461%2C%22fast%22%3A%7B%22organic%22%3A1%7D%2C%22service%22%3A%22web%22%2C%22event-id%22%3A%22kp7syexpsh%22%7D%5D&mc=3.521928094887362&hdtime=97029},
}



Bayesian_loc]]Bayesian Indoor Location Algorithm Based on RSSI
PENG Yu-xu, YANG Yan-hong (School of Computer & Communication Engineering, Changsha University of Science & Technology, Changsha 410114, China)
http://en.cnki.com.cn/Article_en/CJFDTotal-JSJC201210075.htm

@article{Bayesian_loc,
	author = {Yang, D.-Y and Gu, D.-Y and Fu, X.-J},
	year = {2009},
	month = {01},
	pages = {264-268},
	title = {An indoor location algorithm base on RSSI-Similarity Degree},
	volume = {22}
}

. [[r7809951]] Graph slam-based crowdsourcing framework for indoor wi-fi fingerprinting. In2016 Fourth International Conference on Ubiquitous Positioning, Indoor Navigation and Location Based Services (UPINLBS), pages 61–67, 2016.
@inproceedings{GraphSLAMCrowdsourceWiFI,
	author = {Zhang, Min and Pei, Ling and Deng, Xiaotie},
	year = {2016},
	month = {11},
	pages = {},
	title = {GraphSLAM-based Crowdsourcing Framework for Indoor Wi-Fi Fingerprinting},
	doi = {10.1109/UPINLBS.2016.7809951}
}

. [[rudacop]] Bayev, A. et al. “RuDaCoP: The Dataset for Smartphone-based Intellectual Pedestrian Navigation.” 2019 International Conference on Indoor Positioning and Indoor Navigation (IPIN) (2019): 1-8.
@inproceedings{rudacop,
	author = {Bayev, Andrey and Chistyakov, I. and Derevyankin, Alexey and Gartseev, Ilya and Nikulin, Alexey and Pikhletsky, Mikhail},
	year = {2019},
	month = {09},
	pages = {1-8},
	title = {RuDaCoP: The Dataset for Smartphone-based Intellectual Pedestrian Navigation},
	doi = {10.1109/IPIN.2019.8911823}
}
. [[orb-slam]] Mur-Artal, Raul & Montiel, J. & Tardos, Juan. (2015). ORB-SLAM: a versatile and accurate monocular SLAM system. IEEE Transactions on Robotics. 31. 1147 - 1163. 10.1109/TRO.2015.2463671.
@article{orb-slam,
	author = {Mur-Artal, Raul and Montiel, J. and Tardos, Juan},
	year = {2015},
	month = {10},
	pages = {1147 - 1163},
	title = {ORB-SLAM: a versatile and accurate monocular SLAM system},
	volume = {31},
	journal = {IEEE Transactions on Robotics},
	doi = {10.1109/TRO.2015.2463671}
}

. [[orb-slam2]] Galvez-Lopez, Dorian & Tardos, Juan. (2012). Bags of Binary Words for Fast Place Recognition in Image Sequences. Robotics, IEEE Transactions on. 28. 1188-1197. 10.1109/TRO.2012.2197158.
@article{orb-slam2,
	author = {Galvez-Lopez, Dorian and Tardos, Juan},
	year = {2012},
	month = {10},
	pages = {1188-1197},
	title = {Bags of Binary Words for Fast Place Recognition in Image Sequences},
	volume = {28},
	journal = {Robotics, IEEE Transactions on},
	doi = {10.1109/TRO.2012.2197158}
}

@inproceedings{Mautz2012IndoorPT,
	title={Indoor Positioning Technologies},
	author={Rainer Mautz},
	year={2012}
}

@article{Sakpere2017ASS,
	title={A State-of-the-Art Survey of Indoor Positioning and Navigation Systems and Technologies},
	author={Wilson Sakpere and Michael Adeyeye Oshin and N. Mlitwa},
	journal={South African Computer Journal},
	year={2017},
	volume={29},
	pages={145-197}
}


@article{Li_geomagnetic,
	author = {Li, Binghao and Gallagher, Thomas and Rizos, Chris and Dempster, Andrew},
	year = {2013},
	month = {11},
	pages = {},
	title = {Using Geomagnetic Field for Indoor Positioning},
	volume = {7},
	journal = {Journal of Applied Geodesy},
	doi = {10.1515/jag-2013-0016}
}

@article{Ashraf_deepnn,
	author = {Ashraf, Imran and Hur, Soojung and Park, Sangjoon and Park, Yongwan},
	year = {2019},
	month = {12},
	pages = {133},
	title = {DeepLocate: Smartphone Based Indoor Localization with a Deep Neural Network Ensemble Classifier},
	volume = {20},
	journal = {Sensors},
	doi = {10.3390/s20010133}
}

@article{Kj_fingerprinting,
	author = {Kjærgaard, Mikkel},
	year = {2010},
	month = {04},
	pages = {},
	title = {Indoor Positioning with Radio Location Fingerprinting}
}

@article{Bernard,
	author = {R. Bernard},
	year = {2017},
	journal={Security Industry Association},
	month = {},
	pages = {},
	title = {Indoor Positioning Systems} 
}

@inproceedings{IPTrise,
	title={A 2016 Global Research Report On The Indoor Positioning Market},
	author={IndoorAtlas/VansonBourne},
	year={2016},
	pages = {6},
}

@Article{Brena2017,
	author={Brena, Ramon F.
	and Garc{\'i}a-V{\'a}zquez, Juan Pablo
	and Galv{\'a}n-Tejada, Carlos E.
	and Mu{\~{n}}oz-Rodriguez, David
	and Vargas-Rosales, Cesar
	and Fangmeyer, James},
	title={Evolution of Indoor Positioning Technologies: A Survey},
	journal={Journal of Sensors},
	year={2017},
	month={Mar},
	day={29},
	publisher={Hindawi},
	issn={1687-725X},
	doi={10.1155/2017/2630413},
	url={https://doi.org/10.1155/2017/2630413}
}

@inproceedings{MultiSensorIP,
	author = {Ayabakan, Tarık and Kerestecioglu, Feza},
	year = {2019},
	month = {09},
	pages = {1-6},
	title = {Multi-Sensor Indoor Positioning},
	doi = {10.1109/UBMK.2019.8907082}
}

@inproceedings{inproceedings,
	author = {Ayabakan, Tarık and Kerestecioglu, Feza},
	year = {2019},
	month = {09},
	pages = {1-6},
	title = {Multi-Sensor Indoor Positioning},
	doi = {10.1109/UBMK.2019.8907082}
}

@ARTICLE{OrientationAided,  author={L. {Hou} and Y. {Li} and Y. {Zhuang} and B. {Zhou} and G. {Tsai} and Y. {Luo} and N. {El-Sheimy}},  journal={IEEE Sensors Journal},   title={Orientation-Aided Stochastic Magnetic Matching for Indoor Localization},   year={2020},  volume={20},  number={2},  pages={1003-1010},}

@inproceedings{Infsoft_wp,
	author = {Infsoft},
	year = {2019},
	title = {Indoor Positioning and Services White Paper},
	url={https://www.infsoft.com/Portals/0/Images/solutions/basics/whitepaper/infsoft-Whitepaper-EN-Indoor-Positioning_download.pdf}
}

@inproceedings{trends2017,
	author = {smartinsights},
	year = {2017},
	month = {02},
	title = {The top 8 mobile technology trends for 2017},
	url={}
}

@inproceedings{trends2019,
	author = {smartinsights},
	year = {2018},
	month = {11},
	title = {Mobile marketing trends 2019},
	url={https://www.smartinsights.com/mobile-marketing/mobile-marketing-trends-2019/}
}

@article{IndoorGeneration,
	author = {Stephanie Walden},
	year = {2018},
	month = {05},
	title = {The “Indoor Generation” and the health risks of spending more time inside},
	url={https://www.usatoday.com/story/sponsor-story/velux/2018/05/15/indoor-generation-and-health-risks-spending-more-time-inside/610289002/}
}


@article{Tracking_Apps_times,
	author = {Raymond Zhong},
	year = {2020},
	month = {05},
	day={27},
	pages = {B1},
	title = {China Crisis Ebbs, But Tracking Apps Are Going Strong},
	journal = {The New York Times}
}

@article{AI-Centric_IPS,
	author = {Yiannis Gkoufas},
	journal={IBM Research Blog},
	year = {2018},
	month = {10},
	pages = {},
	title = {A Robust AI-Centric Indoor Positioning System}
}

@article{ILA-System-Architecture,
	author = {InLocation Alliance},
	year = {},
	month = {},
	day={},
	pages = {},
	title = {ILA System Architecture release 1.0},
	journal = {openmobilealliance},
	url={http://www.openmobilealliance.org/tech/affiliates/ila/ILA_System_Architecture_Release%201.0.pdf}
}

@article{BLE_loc,
	author = {Thaljaoui, A., Val, T., Nasri, N., & Brulin, D.},
	year = {2015},
	month = {},
	day={},
	pages = {},
	title = {BLE localization using RSSI measurements and iRingLA},
	journal = {2015 IEEE International Conference on Industrial Technology (ICIT)},
	url={doi:10.1109/icit.2015.7125418 }
}


@inproceedings{microsoft,
	author = {Lymberopoulos, Dimitrios and Liu, Jie and Yang, Xue and Choudhury, Romit and Handziski, Vlado and Sen, Souvik and Lemic, Filip and Buesch, Jasper and Jiang, Zhiping and Zou, Han and Jiang, Hao and Zhang, Chi and Ashok, Ashwin and Xu, Chenren and Lazik, Patrick and Rajagopal, Niranjini and Rowe, Anthony and Ghose, Avik and Ahmed, Nasim and Hevesi, Peter},
	year = {2015},
	month = {04},
	pages = {},
	title = {A Realistic Evaluation and Comparison of Indoor Location Technologies: Experiences and Lessons Learned},
	doi = {10.1145/2737095.2737726},
	url = {https://synrg.csl.illinois.edu/papers/competition_IPSN2015.pdf}
}
