@inproceedings{Mautz2012IndoorPT,
  title={Indoor Positioning Technologies},
  author={Rainer Mautz},
  year={2012}
}

@article{Sakpere2017ASS,
  title={A State-of-the-Art Survey of Indoor Positioning and Navigation Systems and Technologies},
  author={Wilson Sakpere and Michael Adeyeye Oshin and N. Mlitwa},
  journal={South African Computer Journal},
  year={2017},
  volume={29},
  pages={145-197}
}


@article{Li_geomagnetic,
author = {Li, Binghao and Gallagher, Thomas and Rizos, Chris and Dempster, Andrew},
year = {2013},
month = {11},
pages = {},
title = {Using Geomagnetic Field for Indoor Positioning},
volume = {7},
journal = {Journal of Applied Geodesy},
doi = {10.1515/jag-2013-0016}
}

@article{Ashraf_deepnn,
author = {Ashraf, Imran and Hur, Soojung and Park, Sangjoon and Park, Yongwan},
year = {2019},
month = {12},
pages = {133},
title = {DeepLocate: Smartphone Based Indoor Localization with a Deep Neural Network Ensemble Classifier},
volume = {20},
journal = {Sensors},
doi = {10.3390/s20010133}
}

@article{Kj_fingerprinting,
author = {Kjærgaard, Mikkel},
year = {2010},
month = {04},
pages = {},
title = {Indoor Positioning with Radio Location Fingerprinting}
}

@article{Bernard,
author = {R. Bernard},
year = {2017},
journal={Security Industry Association},
month = {},
pages = {},
title = {Indoor Positioning Systems} 
}

@inproceedings{IPTrise,
  title={A 2016 Global Research Report On The Indoor Positioning Market},
  author={IndoorAtlas/VansonBourne},
  year={2016},
  pages = {6},
}

@Article{Brena2017,
author={Brena, Ramon F.
and Garc{\'i}a-V{\'a}zquez, Juan Pablo
and Galv{\'a}n-Tejada, Carlos E.
and Mu{\~{n}}oz-Rodriguez, David
and Vargas-Rosales, Cesar
and Fangmeyer, James},
title={Evolution of Indoor Positioning Technologies: A Survey},
journal={Journal of Sensors},
year={2017},
month={Mar},
day={29},
publisher={Hindawi},
issn={1687-725X},
doi={10.1155/2017/2630413},
url={https://doi.org/10.1155/2017/2630413}
}

@inproceedings{MultiSensorIP,
author = {Ayabakan, Tarık and Kerestecioglu, Feza},
year = {2019},
month = {09},
pages = {1-6},
title = {Multi-Sensor Indoor Positioning},
doi = {10.1109/UBMK.2019.8907082}
}

@inproceedings{inproceedings,
author = {Ayabakan, Tarık and Kerestecioglu, Feza},
year = {2019},
month = {09},
pages = {1-6},
title = {Multi-Sensor Indoor Positioning},
doi = {10.1109/UBMK.2019.8907082}
}

@ARTICLE{OrientationAided,  author={L. {Hou} and Y. {Li} and Y. {Zhuang} and B. {Zhou} and G. {Tsai} and Y. {Luo} and N. {El-Sheimy}},  journal={IEEE Sensors Journal},   title={Orientation-Aided Stochastic Magnetic Matching for Indoor Localization},   year={2020},  volume={20},  number={2},  pages={1003-1010},}

@inproceedings{Infsoft_wp,
author = {Infsoft},
year = {2019},
title = {Indoor Positioning and Services White Paper},
url={https://www.infsoft.com/Portals/0/Images/solutions/basics/whitepaper/infsoft-Whitepaper-EN-Indoor-Positioning_download.pdf}
}

@inproceedings{trends2017,
author = {smartinsights},
year = {2017},
month = {02},
title = {The top 8 mobile technology trends for 2017},
url={}
}

@inproceedings{trends2019,
author = {smartinsights},
year = {2018},
month = {11},
title = {Mobile marketing trends 2019},
url={https://www.smartinsights.com/mobile-marketing/mobile-marketing-trends-2019/}
}

@article{Indoor_Generation,
author = {Stephanie Walden},
year = {2018},
month = {05},
title = {The “Indoor Generation” and the health risks of spending more time inside},
url={https://www.usatoday.com/story/sponsor-story/velux/2018/05/15/indoor-generation-and-health-risks-spending-more-time-inside/610289002/}
}


@article{Tracking_Apps_times,
author = {Raymond Zhong},
year = {2020},
month = {05},
day={27},
pages = {B1},
title = {China Crisis Ebbs, But Tracking Apps Are Going Strong},
journal = {The New York Times}
}

https://www.ibm.com/blogs/research/2018/10/indoor-positioning-system/

@article{AI-Centric_IPS,
author = {Yiannis Gkoufas},
journal={IBM Research Blog},
year = {2018},
month = {10},
pages = {},
title = {A Robust AI-Centric Indoor Positioning System}
}

@article{ILA-System-Architecture,
author = {InLocation Alliance},
year = {},
month = {},
day={},
pages = {},
title = {ILA System Architecture release 1.0},
journal = {openmobilealliance},
url={http://www.openmobilealliance.org/tech/affiliates/ila/ILA_System_Architecture_Release%201.0.pdf}
}

@article{BLE_loc,
author = {Thaljaoui, A., Val, T., Nasri, N., & Brulin, D.},
year = {2015},
month = {},
day={},
pages = {},
title = {BLE localization using RSSI measurements and iRingLA},
journal = {2015 IEEE International Conference on Industrial Technology (ICIT)},
url={doi:10.1109/icit.2015.7125418 }
}


@inproceedings{microsoft,
author = {Lymberopoulos, Dimitrios and Liu, Jie and Yang, Xue and Choudhury, Romit and Handziski, Vlado and Sen, Souvik and Lemic, Filip and Buesch, Jasper and Jiang, Zhiping and Zou, Han and Jiang, Hao and Zhang, Chi and Ashok, Ashwin and Xu, Chenren and Lazik, Patrick and Rajagopal, Niranjini and Rowe, Anthony and Ghose, Avik and Ahmed, Nasim and Hevesi, Peter},
year = {2015},
month = {04},
pages = {},
title = {A Realistic Evaluation and Comparison of Indoor Location Technologies: Experiences and Lessons Learned},
doi = {10.1145/2737095.2737726},
url = {https://synrg.csl.illinois.edu/papers/competition_IPSN2015.pdf}
}
